@online{flask_database_tutorial,
  organization = {{Flask Pallets Projects}},
  title      = {Define and Access the Database},
  url        = {https://flask.palletsprojects.com/en/stable/tutorial/database/},
  urldate    = {2025-05-18},
}

@online{password_hashing,
  organization = {{Stytch}},
  title      = {What is Password Hashing?},
  date       = {2022-07-27},
  url        = {https://stytch.com/blog/what-is-password-hashing/},
  urldate    = {2025-04-10},
}

@online{password_reset,
  author     = {Custic, Porin},
  title      = {Yet Another Password Reset Tutorial in Flask},
  date       = {2024-01-16},
  url        = {https://freelancefootprints.substack.com/p/yet-another-password-reset-tutorial},
  urldate    = {2025-05-07},
}

@online{heroku_alternatives,
  author     = {Tomazic, Nik},
  title      = {Heroku Alternatives for Python-based Applications},
  date       = {2022-11-08},
  url        = {https://testdriven.io/blog/heroku-alternatives/},
  urldate    = {2025-05-18},
}

@online{full_calendar,
  title      = {Documentation},
  url        = {https://fullcalendar.io/docs},
  urldate    = {2025-03-26},
}

@online{icalendar,
  title      = {icalendar},
  url        = {https://pypi.org/project/icalendar/},
  urldate    = {2025-04-02},
}

@online{deploy_to_render,
  organization = {{Pretty Printed}},
  title      = {How to Deploy a Flask App and Postgres Database to Render},
  publisher  = {YouTube},
  date       = {2023-01-13},
  url        = {https://www.youtube.com/watch?v=IBfj_0Zf2Mo},
  urldate    = {2025-05-18},
}

@book{Book1,
  author = {Dr. Birgit Ebbert},
  editor = {},
  publisher = {WILEY-VCH Verlag GmbH \& Co. KGaA},
  title = {Effektiver Lernen für Dummies (2. Auflage)},
  year = {2019}
}

@book{Book2,
  author = {Walter Edelmann},
  editor = {},
  publisher = {Beltz},
  title = {Lernpsychologie (6. Auflage)},
  year = {2000}
}

@online{SQ3R,
  organization = {{evrlearn}},
  title      = {Die Top 5 Lernmethoden \& Top 15 Lerntechniken für berufliche Weiterbildungen},
  date       = {2023-05-24},
  url        = {https://www.evrlearn.ch/blog/2023/05/24/die-top-5-lernmethoden-top-15-lerntechniken-fur-berufliche-weiterbildungen/},
  urldate    = {2025-10-10},
  author     = {Ritschel-Gotal, Andrea Diana},
}

@online{Pomodoro,
  organization = {{Wikimedia Foundation}},
  title      = {Pomodoro Technique},
  date       = {2019-09-20},
  url        = {https://en.wikipedia.org/wiki/Pomodoro_Technique},
  urldate    = {2025-10-10},
  author     = {Wikipedia Contributors},
}

@online{Lerntechnik_1,
  organization = {{Bernd Weber Team}},
  title      = {Lernmethoden und Lerntechniken},
  date       = {2023-09-17},
  url        = {https://www.diebegabungsspezialisten.de/2023/09/17/lernmethoden-und-lerntechniken/},
  urldate    = {2025-10-10},
  author     = {Weber, Bernd \& Renate},
}

@online{Lerntechnik_2,
  organization = {{mystipendium}},
  title      = {Lerntechniken: Die 10 Erfolgreichsten Methoden!},
  date       = {2017-07-07},
  url        = {https://www.mystipendium.de/studium/lerntechniken},
  urldate    = {2025-10-10},
  author     = {},
}

@online{ColorPsychology,
  organization = {{Limesurvey}},
  title      = {The psychology of colours},
  date       = {2017-08-25},
  url        = {https://www.limesurvey.org/blog/knowledge/colour-psychology-in-survey-design},
  urldate    = {2025-10-10},
  author     = {Schmitz, Carsten},
}

@online{Pausenmanagement,
  organization = {{Rochester Institute of Technology}},
  title      = {12 Tips To Avoid Academic Burnout},
  date       = {2025-02-24},
  url        = {https://www.rit.edu/admissions/blog/12-tips-avoid-academic-burnout},
  urldate    = {2025-10-10},
  author     = {Lopez, Morgan},
}

@online{Burnout,
  organization = {{The Alert Program}},
  title      = {Burnout on the Rise: Global Survey Exposes Alarming Trends in Workplace Stress},
  date       = {2024-03-15},
  url        = {https://alertprogram.com/burnout-on-the-rise/#:~:text=Burnout%20is%20defined%20by%20the,worsening%20trend%20in%20mental%20exhaustion.},
  urldate    = {2025-10-10},
  author     = {Blakley, Jess},
}